\begin{filecontents}{references.bib}
	@Misc{r1,
		title={Rural population (\% of total population)},
		author={{World Bank}},
		journal={The World Bank},
		year={2021},
		howpublished={https://data.worldbank.org/indicator/SP.RUR.TOTL.ZS}
	}
	@Misc{r2,
		title={World Urbanization Prospects 2018},
		journal={},
		year={2018},
		author={{United Nations}},
		howpublished={https://population.un.org/wup}
	}
	@Misc{r3,
		title={Urban and rural population},
		journal={},
		year={2022},
		author={{The World Bank}},
		howpublished={https://ourworldindata.org/grapher/urban-and-rural-population}
	}
	@article{r4,
		title={The State of Food Security and Nutrition in the World 2021 Transforming food systems for food security, improved nutrition and affordable healthy diets for all},
		author={FAO, and IFAD, and UNICEF, and WFP, and WHO},
		volume={2021},
		year={2021},
		publisher={Food and Agriculture Org.}
	}
	@article{r5,
		title={Research Overview},
		author={François Gemenne },
		volume={2022:2},
		year={2022},
		publisher={Delmi}
		howpublished={https://www.delmi.se/media/l4acp0cq/delmi-research-overview-2022_2-webb}
	}
	@article{r6,
		title={Climate Change, Rural Livelihoods, and Human Well-Being: Experiences from Kenya},
		author={Pelser, Andr{\'e} J and Chimukuche, Rujeko Samanthia},
		journal={Environ Sci. https://doi. org/10.5772/intechopen},
		volume={104965},
		year={2022}
	}
	@article{r7,
		title={Insecure hope: the challenges faced by urban slum dwellers in Bhola Slum, Bangladesh},
		author={McNamara, Karen E and Olson, Laura L and Rahman, Md Ashiqur},
		journal={Migration and Development},
		volume={5},
		number={1},
		pages={1--15},
		year={2016},
		publisher={Taylor \& Francis}
	}
	@misc{r8,
		title={State of the world's cities 2010/11--bridging the urban divide, by UN Habitat: London, Earthscan, 2010, 220 pp., 24.99 (paperback), ISBN 978-1-84971-176-0},
		author={Artuso, Mario},
		year={2011},
		publisher={Taylor \& Francis}
	}
	@article{r9,
		title={Natural resources and rural livelihoods: Differences between migrants and non-migrants in Madagascar},
		author={Nawrotzki, Raphael and Hunter, Lori and Dickinson, Thomas W},
		journal={Demographic Research},
		volume={26},
		pages={661--700},
		year={2012}
		
	}
	@article{r10,
		title={Exploring the forest-poverty link},
		author={Angelsen, Arild and Wunder, Sven},
		journal={CIFOR occasional paper},
		volume={40},
		pages={1--20},
		year={2003}
	}
	@article{r11,
		title={Assessing environmental dependence using asset and income measures: Evidence from Nepal},
		author={Charlery, Lindy and Walelign, Solomon Zena},
		journal={Ecological Economics},
		volume={118},
		pages={40--48},
		year={2015},
		publisher={Elsevier}
	}
	@article{r12,
		title={Dynamics of rural livelihoods and environmental reliance: Empirical evidence from Nepal},
		author={Walelign, Solomon Zena and Jiao, Xi},
		journal={Forest Policy and Economics},
		volume={83},
		pages={199--209},
		year={2017},
		publisher={Elsevier}
	}
	@article{r13,
		title={Environmental reliance traps and pathways--theory and analysis of empirical data from rural Nepal},
		author={Walelign, Solomon Zena and Jiao, Xi and Smith-Hall, Carsten},
		journal={Frontiers in Forests and Global Change},
		volume={3},
		pages={571414},
		year={2020},
		publisher={Frontiers Media SA}
	}
	@incollection{r14,
		title={Importance of Forest and Non-forest Environmental Resources to Sustainable Rural Livelihoods: Insights from a Case Study in Nepal},
		author={Chhetri, Bir Bahadur Khanal and Rayamajhi, Santosh and Baral, Sony},
		booktitle={Designing Social Innovation for Sustainable Livelihoods},
		pages={133--150},
		year={2022},
		publisher={Springer}
	}
	@article{r15,
		title={Social and ecological resilience: are they related?},
		author={Adger, W Neil},
		journal={Progress in human geography},
		volume={24},
		number={3},
		pages={347--364},
		year={2000},
		publisher={Sage Publications Sage CA: Thousand Oaks, CA}
	}
	@article{r16,
		title={Factors affecting the Sustainable Livelihood of Female Household Heads as the Clients of Microcredit Funds in Rural Areas (Case Study: Rural Areas of Ghaemshahr County, Iran)},
		author={Ahmadpour, Amir and Niknejad Alibani, Azadeh and Shahraki, Mohamad Reza},
		journal={Journal of Research and Rural Planning},
		volume={9},
		number={4},
		pages={1--21},
		year={2020},
		publisher={Ferdowsi University of Mashhad}
	}
	@book{r17,
		title={Sustainable rural livelihoods: practical concepts for the 21st century},
		author={Chambers, Robert and Conway, Gordon},
		year={1992},
		publisher={Institute of Development Studies (UK)}
	}
	@article{r18,
		title={Rural livelihood diversity in developing countries: evidence and policy implications (Natural Resource Perspectives Vol. 40, No. 1, pp. 1-10)},
		author={Ellis, F},
		journal={Overseas Development Institute, London http://hdl. handle. net/10535/4486},
		year={1999}
	}
	@article{r19,
		title={Rural households’ livelihood strategy choice and livelihood diversity of main ethnic minorities in Chongqing, China},
		author={Mao, Shuxin and Qiu, Sha and Li, Tao and Tang, Mingfang},
		journal={Sustainability},
		volume={12},
		number={19},
		pages={8166},
		year={2020},
		publisher={MDPI}
	}
	@article{r20,
		title={Determinants of Livelihood Diversification of Rural Households in Sylhet},
		author={Shan, Tabia Binte and Ahmed, Jasim Uddin},
		journal={Asian Journal of Agricultural Extension, Economics \& Sociology},
		volume={38},
		number={11},
		pages={97--104},
		year={2020}
	}
	@book{r21,
		title={Sustainable rural livelihoods: practical concepts for the 21st century},
		author={Chambers, Robert and Conway, Gordon},
		year={1992},
		publisher={Institute of Development Studies (UK)}
	}
	@article{r22,
		title={Sustainable livelihoods guidance sheets},
		author={DfID, UK},
		journal={London: DFID},
		volume={445},
		year={1999}
	}
	@article{r23,
		title={Rural livelihood diversity in developing countries: evidence and policy implications (Natural Resource Perspectives Vol. 40, No. 1, pp. 1-10)},
		author={Ellis, F},
		journal={Overseas Development Institute, London http://hdl. handle. net/10535/4486},
		year={1999}
	}
	@incollection{r24,
		title={Livelihoods perspectives and rural development},
		author={Scoones, Ian},
		booktitle={Critical perspectives in rural development studies},
		pages={159--184},
		year={2013},
		publisher={Routledge}
	}
	@article{r25,
		title={Capital assets framework for analysing household vulnerability during disaster},
		author={Zhang, Huafeng and Zhao, Yandong and Pedersen, Jon},
		journal={Disasters},
		volume={44},
		number={4},
		pages={687--707},
		year={2020},
		publisher={Wiley Online Library}
	}
	@article{r26,
		title={Complexity of resilience capacities: Household capitals and resilience outcomes on the disaster cycle in informal settlements},
		author={Gaisie, Eric and Han, Sun Sheng and Kim, Hyung Min},
		journal={International Journal of Disaster Risk Reduction},
		volume={60},
		pages={102292},
		year={2021},
		publisher={Elsevier}
	}
	@article{r27,
		title={Households’ vulnerability assessment: empirical evidence from cyclone-prone area of Bangladesh},
		author={Rahman, Md Mostafizur and Arif, Md Saidul Islam and Hossain, Md Tanvir and Almohamad, Hussein and Al Dughairi, Ahmed Abdullah and Al-Mutiry, Motrih and Abdo, Hazem Ghassan},
		journal={Geoscience letters},
		volume={10},
		number={1},
		pages={1--21},
		year={2023},
		publisher={SpringerOpen}
	}
	@article{r28,
		title={Derivation of a household-level vulnerability index for empirically testing measures of adaptive capacity and vulnerability},
		author={Notenbaert, An and Karanja, Stanley Nganga and Herrero, Mario and Felisberto, Maute and Moyo, Siboniso},
		journal={Regional Environmental Change},
		volume={13},
		number={2},
		pages={459--470},
		year={2013},
		publisher={Springer}
	}
	@article{r29,
		title={An analysis of social vulnerability to natural hazards in Nepal using a modified social vulnerability index},
		author={Aksha, Sanam K and Juran, Luke and Resler, Lynn M and Zhang, Yang},
		journal={International Journal of Disaster Risk Science},
		volume={10},
		pages={103--116},
		year={2019},
		publisher={Springer}
	}
	@article{r30,
		title={Estimating Households’ Vulnerability to Poverty},
		author={Shahi, Pushpa Raj and Shreezal, GC},
		journal={The Economic Journal of Nepal},
		volume={43},
		year={2020}
	}
	@inproceedings{r31,
		title={Grasping Climate Vulnerability in Western Mountainous Nepal: Applying Climate Vulnerability Index},
		author={Bista, Raghu Bir},
		booktitle={Forum for Social Economics},
		year={2019},
		organization={Taylor \& Francis}
	}
	@article{r32,
		title={The multidimensional livelihood vulnerability index--an instrument to measure livelihood vulnerability to change in the Hindu Kush Himalayas},
		author={Gerlitz, Jean-Yves and Macchi, Mirjam and Brooks, Nick and Pandey, Rajiv and Banerjee, Soumyadeep and Jha, Shashidhar Kumar},
		journal={Climate and Development},
		volume={9},
		number={2},
		pages={124--140},
		year={2017},
		publisher={Taylor \& Francis}
	}
	
\end{filecontents}